<?xml version = "1.0" encoding = "UTF-8"?><OAI-PMH xmlns="http://www.openarchives.org/OAI/2.0/" xmlns:xsi="http://www.w3.org/2001/XMLSchema-instance" xsi:schemaLocation="http://www.openarchives.org/OAI/2.0/ http://www.openarchives.org/OAI/2.0/OAI-PMH.xsd"><ListRecords><record><header><identifier>aleph-publish:011383229</identifier></header><metadata><record xmlns="http://www.ddb.de/professionell/mabxml/mabxml-1.xsd"><leader>00000nM2.01200024------h</leader><controlfield tag="LDR">00000nM2.01200024------h</controlfield><controlfield tag="FMT">MH</controlfield><datafield tag="001" ind1="-" ind2="1"><subfield code="a">HT013056453</subfield></datafield><datafield tag="002" ind1="a" ind2="1"><subfield code="a">19991121</subfield></datafield><datafield tag="003" ind1="-" ind2="1"><subfield code="a">20230209163900.0</subfield></datafield><datafield tag="020" ind1="a" ind2="1"><subfield code="a">1125458-0</subfield><subfield code="b">DNB</subfield></datafield><datafield tag="025" ind1="a" ind2="1"><subfield code="a">016547489</subfield></datafield><datafield tag="025" ind1="z" ind2="1"><subfield code="a">1125458-0</subfield></datafield><datafield tag="025" ind1="o" ind2="1"><subfield code="a">183350230</subfield></datafield><datafield tag="026" ind1="-" ind2="1"><subfield code="a">ZDB1125458-0</subfield></datafield><controlfield tag="030">a||u|||||||37</controlfield><datafield tag="036" ind1="a" ind2="1"><subfield code="a">XA-DE</subfield><subfield code="a">XA-AT</subfield></datafield><datafield tag="037" ind1="b" ind2="1"><subfield code="a">ger</subfield></datafield><controlfield tag="050">a|a|||||||||||</controlfield><controlfield tag="052">r||||||ta||||||</controlfield><datafield tag="060" ind1="-" ind2="1"><subfield code="b">txt</subfield><subfield code="a">Text</subfield></datafield><datafield tag="061" ind1="-" ind2="1"><subfield code="b">n</subfield><subfield code="a">ohne Hilfsmittel zu benutzen</subfield></datafield><datafield tag="062" ind1="-" ind2="1"><subfield code="b">nc</subfield><subfield code="a">Band</subfield></datafield><datafield tag="064" ind1="a" ind2="1"><subfield code="a">Monografische Reihe</subfield><subfield code="9">(DE-588)4179998-7</subfield></datafield><datafield tag="064" ind1="a" ind2="1"><subfield code="a">Aufsatzsammlung</subfield><subfield code="9">(DE-588)4143413-4</subfield></datafield><datafield tag="070" ind1="-" ind2="1"><subfield code="a">9001</subfield></datafield><datafield tag="070" ind1="a" ind2="1"><subfield code="a">DNB</subfield></datafield><datafield tag="070" ind1="b" ind2="1"><subfield code="a">9999</subfield></datafield><datafield tag="076" ind1="c" ind2="1"><subfield code="a">fp</subfield></datafield><datafield tag="200" ind1="b" ind2="1"><subfield code="k">Institut für Spielforschung und Spielpädagogik</subfield><subfield code="4">isb</subfield><subfield code="3">Herausgebendes Organ</subfield><subfield code="9">(DE-588)5120234-7</subfield></datafield><datafield tag="201" ind1="-" ind2="1"><subfield code="k">Hochschule für Musik und Darstellende Kunst Mozarteum</subfield><subfield code="b">Institut für Spielforschung und Spielpädagogik</subfield></datafield><datafield tag="201" ind1="-" ind2="1"><subfield code="k">Institut für Spielforschung</subfield></datafield><datafield tag="201" ind1="-" ind2="1"><subfield code="k">Hochschule für Musik und Darstellende Kunst Mozarteum</subfield><subfield code="b">Institut für Spielforschung</subfield></datafield><datafield tag="201" ind1="-" ind2="1"><subfield code="k">Universität Mozarteum Salzburg</subfield><subfield code="b">Institut für Spielforschung und Spielpädagogik</subfield></datafield><datafield tag="201" ind1="-" ind2="1"><subfield code="k">Hochschule für Musik und Darstellende Kunst</subfield><subfield code="h">Salzburg</subfield><subfield code="b">Institut für Spielforschung und Spielpädagogik</subfield></datafield><datafield tag="201" ind1="-" ind2="1"><subfield code="k">Institut für Spielforschung</subfield><subfield code="h">Salzburg</subfield></datafield><datafield tag="201" ind1="-" ind2="1"><subfield code="k">Hochschule für Musik und Darstellende Kunst</subfield><subfield code="h">Salzburg</subfield><subfield code="b">Institut für Spielforschung</subfield></datafield><datafield tag="201" ind1="-" ind2="1"><subfield code="k">Institut für Spielforschung und Spielpädagogik</subfield><subfield code="h">Salzburg</subfield></datafield><datafield tag="201" ind1="-" ind2="1"><subfield code="k">Institut für Spielforschung und Playing Arts</subfield></datafield><datafield tag="331" ind1="-" ind2="1"><subfield code="a">Homo ludens</subfield></datafield><datafield tag="335" ind1="-" ind2="1"><subfield code="a">internationale Beiträge des Institutes für Spielforschung und Spielpädagogik der Universität Mozarteum Salzburg</subfield></datafield><datafield tag="341" ind1="-" ind2="1"><subfield code="a">&lt;&lt;Der&gt;&gt; spielende Mensch</subfield></datafield><datafield tag="370" ind1="a" ind2="1"><subfield code="a">&lt;&lt;Der&gt;&gt; spielende Mensch</subfield></datafield><datafield tag="375" ind1="e" ind2="1"><subfield code="a">internationale Beiträge des Institutes für Spielforschung und Spielpädagogik an der Hochschule &quot;Mozarteum&quot; Salzburg</subfield><subfield code="f">Zusatz bis 8.1998</subfield></datafield><datafield tag="405" ind1="-" ind2="1"><subfield code="a">1.1991 - 10.2000</subfield></datafield><datafield tag="406" ind1="a" ind2="1"><subfield code="j">1991</subfield><subfield code="k">2000</subfield></datafield><datafield tag="419" ind1="-" ind2="1"><subfield code="a">München ; Salzburg</subfield><subfield code="b">Katzbichler</subfield><subfield code="c">1991-2000</subfield><subfield code="A">3</subfield></datafield><datafield tag="425" ind1="b" ind2="1"><subfield code="a">1991</subfield></datafield><datafield tag="425" ind1="c" ind2="1"><subfield code="a">2000</subfield></datafield><datafield tag="435" ind1="-" ind2="1"><subfield code="a">24 cm</subfield></datafield><datafield tag="523" ind1="-" ind2="1"><subfield code="a">Ab. 6.1996 Schriftenreihe; zu Jg. 3, 5, 7 und 9 ersch. je eine Sondernummer; jährl.</subfield></datafield><datafield tag="537" ind1="-" ind2="1"><subfield code="a">929!se-Änderung12!4!(19-10-09)</subfield></datafield><datafield tag="574" ind1="-" ind2="1"><subfield code="a">92,A29,1068</subfield></datafield><datafield tag="700" ind1="-" ind2="1"><subfield code="a">796</subfield><subfield code="2">DNB</subfield></datafield><datafield tag="700" ind1="-" ind2="1"><subfield code="a">793</subfield><subfield code="2">DNB</subfield></datafield><datafield tag="700" ind1="-" ind2="1"><subfield code="a">370</subfield><subfield code="2">DNB</subfield></datafield><datafield tag="700" ind1="-" ind2="1"><subfield code="a">793</subfield><subfield code="2">ZDB</subfield></datafield><datafield tag="700" ind1="-" ind2="1"><subfield code="a">796</subfield><subfield code="2">ZDB</subfield></datafield><datafield tag="700" ind1="l" ind2="1"><subfield code="a">990</subfield></datafield><datafield tag="700" ind1="-" ind2="1"><subfield code="a">35</subfield><subfield code="2">DNB</subfield></datafield><datafield tag="700" ind1="g" ind2="1"><subfield code="a">DG 9400</subfield></datafield><datafield tag="770" ind1="-" ind2="1"><subfield code="i">In 7.1997 Repr. von 1770 von</subfield><subfield code="t">Glücks-Calender für und durch die chur-pfälzische Lotterie</subfield><subfield code="d">Mannheim : Chur-Pfälzische Lotterie-Buchdr., 1770-1771</subfield><subfield code="x">2701-7303</subfield><subfield code="9">HT012670837</subfield></datafield><datafield tag="785" ind1="-" ind2="1"><subfield code="i">Forts.:</subfield><subfield code="t">Ludographie - Spiel und Spiele</subfield><subfield code="d">Wien ; Berlin ; Münster : LIT-Verl., 2009-</subfield><subfield code="A">0</subfield><subfield code="9">HT016084461</subfield></datafield><datafield tag="902" ind1="-" ind2="1"><subfield code="s">Spiel</subfield><subfield code="9">(DE-588)4056218-9</subfield></datafield><datafield tag="904" ind1="a" ind2="1"><subfield code="a">DNB</subfield></datafield><datafield tag="907" ind1="-" ind2="1"><subfield code="s">Spielforschung</subfield><subfield code="9">(DE-588)4182273-0</subfield></datafield><datafield tag="909" ind1="a" ind2="1"><subfield code="a">ZDB</subfield></datafield><datafield tag="912" ind1="-" ind2="1"><subfield code="s">Spielpädagogik</subfield><subfield code="9">(DE-588)4122362-7</subfield></datafield><datafield tag="914" ind1="a" ind2="1"><subfield code="a">ZDB</subfield></datafield><controlfield tag="SYS">011383229</controlfield><datafield tag="LOW" ind1="-" ind2="1"><subfield code="a">B0001</subfield></datafield><datafield tag="LOW" ind1="-" ind2="1"><subfield code="a">KP001</subfield></datafield><datafield tag="LOW" ind1="-" ind2="1"><subfield code="a">R0001</subfield></datafield><datafield tag="LOW" ind1="-" ind2="1"><subfield code="a">R0003</subfield></datafield><datafield tag="LOW" ind1="-" ind2="1"><subfield code="a">SB001</subfield></datafield><datafield tag="LOW" ind1="-" ind2="1"><subfield code="a">W0001</subfield></datafield><datafield tag="LOW" ind1="-" ind2="1"><subfield code="a">S0001</subfield></datafield><datafield tag="LOW" ind1="-" ind2="1"><subfield code="a">F0001</subfield></datafield><datafield tag="LOW" ind1="-" ind2="1"><subfield code="a">E0001</subfield></datafield><datafield tag="952" ind1="-" ind2="1"><subfield code="s">Spielen</subfield></datafield><datafield tag="952" ind1="-" ind2="1"><subfield code="s">Spiele</subfield></datafield><datafield tag="957" ind1="-" ind2="1"><subfield code="s">Spiel</subfield><subfield code="x">Forschung</subfield></datafield><datafield tag="962" ind1="-" ind2="1"><subfield code="s">Spielerziehung</subfield></datafield><datafield tag="088" ind1=" " ind2=" "><subfield code="a">465</subfield><subfield code="b">E10</subfield><subfield code="c">25 Z 266</subfield><subfield code="d">1.1991 - 10.2000</subfield></datafield><datafield tag="088" ind1=" " ind2=" "><subfield code="a">Kn 41</subfield><subfield code="c">P 4024</subfield><subfield code="d">1.1991 - 10.2000</subfield></datafield><datafield tag="088" ind1=" " ind2=" "><subfield code="a">294</subfield><subfield code="b">Zeitschriften</subfield><subfield code="c">ZGB 3152</subfield><subfield code="d">1.1991 - 3.1993; 5.1995 - 10.2000</subfield></datafield><datafield tag="088" ind1=" " ind2=" "><subfield code="a">467</subfield><subfield code="b">Adolf-Reichwein-Straße, Ebene 2</subfield><subfield code="c">21-KWP1205</subfield><subfield code="d">1.1991 - 8.1998</subfield></datafield><datafield tag="088" ind1=" " ind2=" "><subfield code="a">468</subfield><subfield code="b">04</subfield><subfield code="c">37H3</subfield><subfield code="d">1.1991 - 10.2000</subfield></datafield><datafield tag="088" ind1=" " ind2=" "><subfield code="a">708</subfield><subfield code="b">03</subfield><subfield code="c">ZZH/HOLU</subfield><subfield code="d">1.1991 - 8.1998</subfield></datafield><datafield tag="088" ind1=" " ind2=" "><subfield code="a">929</subfield><subfield code="c">Z 2348</subfield><subfield code="d">1.1991 - 5.1995</subfield></datafield><datafield tag="088" ind1=" " ind2=" "><subfield code="a">107</subfield><subfield code="c">Per. 14635</subfield><subfield code="d">1.1991 - 10.2000</subfield></datafield><datafield tag="200" ind1=" " ind2="9"><subfield code="0">1</subfield><subfield code="b">1.1991 - 10.2000</subfield><subfield code="f">25 Z 266</subfield><subfield code="g">E10</subfield><subfield code="2">E0001</subfield></datafield><datafield tag="200" ind1=" " ind2="9"><subfield code="0">1</subfield><subfield code="b">1.1991 - 10.2000</subfield><subfield code="f">P 4024</subfield><subfield code="2">KP001</subfield></datafield><datafield tag="200" ind1=" " ind2="9"><subfield code="0">1</subfield><subfield code="b">1.1991 - 3.1993; 5.1995 - 10.2000</subfield><subfield code="f">ZGB 3152</subfield><subfield code="g">Zeitschriften</subfield><subfield code="2">B0001</subfield></datafield><datafield tag="200" ind1=" " ind2="9"><subfield code="0">1</subfield><subfield code="b">1.1991 - 8.1998</subfield><subfield code="f">21-KWP1205</subfield><subfield code="g">Adolf-Reichwein-Straße, Ebene 2</subfield><subfield code="2">S0001</subfield></datafield><datafield tag="200" ind1=" " ind2="9"><subfield code="0">1</subfield><subfield code="b">1.1991 - 10.2000</subfield><subfield code="f">37H3</subfield><subfield code="g">04</subfield><subfield code="2">W0001</subfield></datafield><datafield tag="200" ind1=" " ind2="9"><subfield code="0">1</subfield><subfield code="b">1.1991 - 8.1998</subfield><subfield code="f">ZZH/HOLU</subfield><subfield code="g">03</subfield><subfield code="2">F0001</subfield></datafield><datafield tag="200" ind1=" " ind2="9"><subfield code="0">1</subfield><subfield code="b">1.1991 - 5.1995</subfield><subfield code="e">weiterer Bestand s. Einzelbände</subfield><subfield code="f">Z 2348</subfield><subfield code="2">R0001</subfield></datafield><datafield tag="200" ind1=" " ind2="9"><subfield code="0">1</subfield><subfield code="b">1.1991 - 10.2000</subfield><subfield code="f">Per. 14635</subfield><subfield code="2">R0003</subfield></datafield></record></metadata></record></ListRecords></OAI-PMH>